@Article{SLAM2003,
   Author="Alexandersson, M.  and Cawley, S.  and Pachter, L. ",
   Title="{{S}{L}{A}{M}: cross-species gene finding and alignment with a generalized pair hidden {M}arkov model}",
   Journal="Genome Res.",
   Year="2003",
   Volume="13",
   Pages="496--502",
   Month="Mar"
}

@Article{GeneWise2004,
   Author="Birney, E.  and Clamp, M.  and Durbin, R. ",
   Title="{{G}ene{W}ise and {G}enomewise}",
   Journal="Genome Res.",
   Year="2004",
   Volume="14",
   Pages="988--995",
   Month="May"
}

@article{Alexanderson2004,
   Author="Lior Pachter, Marina Alexandersson, and Simon Cawley",
   Title="Applications of Generalized Pair Hidden Markov Models to Alignment and Gene Finding Problems",
   Journal="Journal of Computational Biology",
   Year="2004",
   Volume="9",
   Month="July"
}

@ARTICLE{FEAST2011,
author={Hudek, A.K. and Brown, D.G.},
journal={Computational Biology and Bioinformatics, IEEE/ACM Transactions on},
title={FEAST: Sensitive Local Alignment with Multiple Rates of Evolution},
year={2011},
month={may-june },
volume={8},
number={3},
pages={698 -709},
ISSN={1545-5963},}

@Article{Meyer2002,
   Author="Meyer, I. M.  and Durbin, R. ",
   Title="{{C}omparative ab initio prediction of gene structures using pair {H}{M}{M}s}",
   Journal="Bioinformatics",
   Year="2002",
   Volume="18",
   Pages="1309--1318",
   Month="Oct"
}

@Article{Majoros2005,
   Author="Majoros, W. H.  and Pertea, M.  and Salzberg, S. L. ",
   Title="{{E}fficient implementation of a generalized pair hidden {M}arkov model for comparative gene finding}",
   Journal="Bioinformatics",
   Year="2005",
   Volume="21",
   Pages="1782--1788",
   Month="May"
}

   Month="May"


@Article{Pairagon2009,
   Author="Lu, D. V.  and Brown, R. H.  and Arumugam, M.  and Brent, M. R. ",
   Title="{{P}airagon: a highly accurate, {H}{M}{M}-based c{D}{N}{A}-to-genome aligner}",
   Journal="Bioinformatics",
   Year="2009",
   Volume="25",
   Pages="1587--1593",
   Month="Jul"
}

@article{Schonhuth2010,
   author = {Sch√∂nhuth, Alexander and Salari, Raheleh and Sahinalp, S.},
   affiliation = {Department of Mathematics, University of California at Berkeley},
   title = {Pair HMM Based Gap Statistics for Re-evaluation of Indels in Alignments with Affine Gap Penalties},
   booktitle = {Algorithms in Bioinformatics},
   series = {Lecture Notes in Computer Science},
   editor = {Moulton, Vincent and Singh, Mona},
   publisher = {Springer Berlin / Heidelberg},
   isbn = {978-3-642-15293-1},
   keyword = {Computer Science},
   pages = {350-361},
   volume = {6293},
   year = {2010}
}
